@article{Dan,
author = {Dantzig, G.B. and P. Wolfe},
year = {1960},
title = {Decomposition principle for linear programs},
journal = {Operations Research},
volume = {8},
pages = {101--111}
}
@book{Baz,
author = {Bazaraa, M.S. and J.J. Jarvis and H.D. Sherali},
year = {2004},
title = {Programaci\'on lineal y flujo en redes},
edition = {2da.},
publisher = {Limusa},
adress = {M\'exico, DF}
}

@book{ejemplo01,
author = {ApellidoPat ApellidoMat, Nombre de Autor},
year = {2022},
title = {Titulo del Libro},
shorttitle = {Titulo Corto},
booktitle = {El Libro sin T\'itulo},
edition = {3era.},
editor = {Editor Marca Arcme},
publisher = {Publisher},
series = {Serie},
adress = {Direcci\'on},
pages = {1-10},
date = {07/10/2020},
isbn = {908758663-12},
doi={10.1007/978-3-642-37006-9_1},
url={https://doi.org/10.1007/978-3-642-37006-9_1},
urldate = {2021-09-22},
langid = {english},
language = {en},
lastacces = {07/10/2022},
file = {}
}

@article{ejemplo02,
author = {ApellidoPat ApellidoMat, Autor},
year = {2022},
title = {Titulo del Articulo},
journal = {Revista de Art√≠culo},
publisher = {Springer},
volume = {2},
number = {3},
pages = {10-15},
issn = {10238475},
date = {07/10/2020},
language = {en},
lastacces = {07/10/2022},
file = {}
}
